<?xml version="1.0" encoding="UTF-8"?><collection xmlns="http://www.loc.gov/MARC21/slim"><record><leader>00417nam--2200133-i-4500</leader><controlfield tag="001">000032714</controlfield><controlfield tag="002">20161230</controlfield><controlfield tag="005">20161230201039</controlfield><controlfield tag="008">060222s1000------------r-----000-0-eng-d</controlfield><datafield ind1=" " ind2=" " tag="080"><subfield code="a">530.12</subfield></datafield><datafield ind1=" " ind2=" " tag="100"><subfield code="a">Melcher, H</subfield></datafield><datafield ind1=" " ind2=" " tag="245"><subfield code="a">Relativitatstheorie in elementarer darstellung mit aufgaben und losungen.vierte, neubearbeitete auflage</subfield></datafield><datafield ind1=" " ind2=" " tag="260"><subfield code="a">Berlin, Veb Deutscher Verlag Der Wissenschaften, 1974. 344p</subfield></datafield><datafield ind1=" " ind2=" " tag="852"><subfield code="a">41245</subfield></datafield></record></collection>